@article{Abdelwhab2011,
  title =	 {An overview of the epidemic of highly pathogenic
  H5N1 avian influenza virus in Egypt: epidemiology and control
  challenges},
  author =	 {Abdelwhab, EM and Hafez, HM},
  journal =	 {Epidemiology \& Infection},
  volume =	 139,
  number =	 5,
  pages =	 {647--657},
  year =	 2011,
  publisher =	 {Cambridge University Press}
}

@article{Abdelwhab2015,
  title =	 {Epidemiology, ecology and gene pool of influenza A
  virus in Egypt: will Egypt be the epicentre of the next influenza
  pandemic?},
  author =	 {Abdelwhab, EM and Abdel-Moneim, Ahmed S},
  journal =	 {Virulence},
  volume =	 6,
  number =	 1,
  pages =	 {6--18},
  year =	 2015,
  publisher =	 {Taylor \& Francis}
}


@article{Alexander2007,
  title =	 {Summary of avian influenza activity in Europe, Asia,
  Africa, and Australasia, 2002--2006},
  author =	 {Alexander, Dennis J},
  journal =	 {Avian diseases},
  volume =	 51,
  number =	 {s1},
  pages =	 {161--166},
  year =	 2007
}

@article{Chan2002,
  title =	 {Outbreak of avian influenza A (H5N1) virus infection
  in Hong Kong in 1997},
  author =	 {Chan, Paul KS},
  journal =	 {Clinical Infectious Diseases},
  volume =	 34,
  number =	 {Supplement\_2},
  pages =	 {S58--S64},
  year =	 2002,
  publisher =	 {The University of Chicago Press}
}


@article{Chen2005,
  title =	 {Avian flu: H5N1 virus outbreak in migratory
  waterfowl},
  author =	 {Chen, Honglin and Smith, GJD and Zhang, SY and Qin,
  K and Wang, J and Li, KS and Webster, RG and Peiris, JSM and Guan,
  Y},
  journal =	 {Nature},
  volume =	 436,
  number =	 7048,
  pages =	 191,
  year =	 2005,
  publisher =	 {Nature Publishing Group}
}


@article{Claas1998,
  title =	 {Human influenza A H5N1 virus related to a highly
  pathogenic avian influenza virus},
  author =	 {Claas, Eric CJ and Osterhaus, Albert DME and Van
  Beek, Ruud and De Jong, Jan C and Rimmelzwaan, Guus F and Senne,
  Dennis A and Krauss, Scott and Shortridge, Kennedy F and Webster,
  Robert G},
  journal =	 {The Lancet},
  volume =	 351,
  number =	 9101,
  pages =	 {472--477},
  year =	 1998,
  publisher =	 {Elsevier}
}

@article{Drummond2007,
  title =	 {BEAST: Bayesian evolutionary analysis by sampling
  trees},
  author =	 {Drummond, Alexei J and Rambaut, Andrew},
  journal =	 {BMC evolutionary biology},
  volume =	 7,
  number =	 1,
  pages =	 214,
  year =	 2007,
  publisher =	 {BioMed Central}
}

@article{ElShesheny2014,
  title =	 {Molecular characterization of avian influenza H5N1
  virus in Egypt and the emergence of a novel endemic subclade},
  author =	 {El-Shesheny, Rabeh and Kandeil, Ahmed and Bagato,
  Ola and Maatouq, Asmaa M and Moatasim, Yassmin and Rubrum, Adam and
  Song, Min-Suk and Webby, Richard J and Ali, Mohamed Ahmed and
  Kayali, Ghazi},
  journal =	 {The Journal of general virology},
  volume =	 95,
  number =	 {Pt 7},
  pages =	 1444,
  year =	 2014,
  publisher =	 {Microbiology Society}
}

@article{Fasina2010,
  title =	 {Avian influenza A (H5N1) in humans: lessons from
  Egypt},
  author =	 {Fasina, FO and Ifende, VI and Ajibade, AA},
  journal =	 {Eurosurveillance},
  volume =	 15,
  number =	 4,
  pages =	 19473,
  year =	 2010,
  publisher =	 {European Centre for Disease Prevention and Control}
}

@article{Gomaa2014,
  title =	 {Avian influenza A (H5N1) and A (H9N2) seroprevalence
  and risk factors for infection among Egyptians: a prospective,
  controlled seroepidemiological study},
  author =	 {Gomaa, Mokhtar R and Kayed, Ahmed S and Elabd, Mona
  A and Zeid, Dina Abu and Zaki, Shaimaa A and El Rifay, Amira S and
  Sherif, Lobna S and McKenzie, Pamela P and Webster, Robert G and
  Webby, Richard J and others},
  journal =	 {The Journal of infectious diseases},
  volume =	 211,
  number =	 9,
  pages =	 {1399--1407},
  year =	 2014,
  publisher =	 {Infectious Diseases Society of America}
}

@article{Gomaa2018,
  title =	 {Evidence of infection with avian, human, and swine
  influenza viruses in pigs in Cairo, Egypt},
  author =	 {Gomaa, Mokhtar R and Kandeil, Ahmed and El-Shesheny,
  Rabeh and Shehata, Mahmoud M and McKenzie, Pamela P and Webby,
  Richard J and Ali, Mohamed A and Kayali, Ghazi},
  journal =	 {Archives of virology},
  volume =	 163,
  number =	 2,
  pages =	 {359--364},
  year =	 2018,
  publisher =	 {Springer}
}

@article{Guan1999,
  title =	 {Molecular characterization of H9N2 influenza
  viruses: were they the donors of the “internal” genes of H5N1
  viruses in Hong Kong?},
  author =	 {Guan, Yi and Shortridge, Kennedy F and Krauss, Scott
  and Webster, Robert G},
  journal =	 {Proceedings of the National Academy of Sciences},
  volume =	 96,
  number =	 16,
  pages =	 {9363--9367},
  year =	 1999,
  publisher =	 {National Acad Sciences}
}


@inproceedings{Hall1999,
  title =	 {BioEdit: a user-friendly biological sequence
  alignment editor and analysis program for Windows 95/98/NT},
  author =	 {Hall, Tom A and others},
  booktitle =	 {Nucleic acids symposium series},
  volume =	 41,
  number =	 41,
  pages =	 {95--98},
  year =	 1999,
  organization = {[London]: Information Retrieval Ltd., c1979-c2000.}
}

@article{Hoffmann2000,
  title =	 {Characterization of the influenza A virus gene pool
  in avian species in southern China: was H6N1 a derivative or a
  precursor of H5N1?},
  author =	 {Hoffmann, Erich and Stech, Juergen and Leneva, Irina
  and Krauss, Scott and Scholtissek, Christoph and San Chin, Po and
  Peiris, Malik and Shortridge, Kennedy F and Webster, Robert G},
  journal =	 {Journal of Virology},
  volume =	 74,
  number =	 14,
  pages =	 {6309--6315},
  year =	 2000,
  publisher =	 {Am Soc Microbiol}
}

@book{International2007,
  title =	 {The global strategy for prevention and control of
  H5N1 highly pathogenic avian influenza},
  author =	 {FAO, International Office of Epizootics},
  year =	 2007,
  publisher =	 {Food \& Agriculture Org.}
}

@article{Kandeel2010,
  title =	 {Zoonotic transmission of avian influenza virus
  (H5N1), Egypt, 2006--2009},
  author =	 {Kandeel, Amr and Manoncourt, Serge and el Kareem,
  Eman Abd and Ahmed, Abdel-Nasser Mohamed and El-Refaie, Samir and
  Essmat, Hala and Tjaden, Jeffrey and De Mattos, Cecilia C and
  Earhart, Kenneth C and Marfin, Anthony A and others},
  journal =	 {Emerging infectious diseases},
  volume =	 16,
  number =	 7,
  pages =	 1101,
  year =	 2010,
  publisher =	 {Centers for Disease Control and Prevention}
}

@article{Kaplan2013,
  title =	 {The avian and mammalian host range of highly
  pathogenic avian H5N1 influenza},
  author =	 {Kaplan, Bryan S and Webby, Richard J},
  journal =	 {Virus research},
  volume =	 178,
  number =	 1,
  pages =	 {3--11},
  year =	 2013,
  publisher =	 {Elsevier}
}

@article{Katoh2013,
  title =	 {MAFFT multiple sequence alignment software version
  7: improvements in performance and usability},
  author =	 {Katoh, Kazutaka and Standley, Daron M},
  journal =	 {Molecular biology and evolution},
  volume =	 30,
  number =	 4,
  pages =	 {772--780},
  year =	 2013,
  publisher =	 {Society for Molecular Biology and Evolution}
}

@article{Kayali2011,
  title =	 {Continuing threat of influenza (H5N1) virus
  circulation in Egypt},
  author =	 {Kayali, Ghazi and El-Shesheny, Rabeh and Kutkat,
  Mohamed A and Kandeil, Ahmed M and Mostafa, Ahmed and Ducatez,
  Mariette F and McKenzie, Pamela P and Govorkova, Elena A and Nasraa,
  Mohamed H and Webster, Robert G and others},
  journal =	 {Emerging infectious diseases},
  volume =	 17,
  number =	 12,
  pages =	 2306,
  year =	 2011,
  publisher =	 {Centers for Disease Control and Prevention}
}

@article{Kayali2014,
  title =	 {Active surveillance for avian influenza virus,
  Egypt, 2010--2012},
  author =	 {Kayali, Ghazi and Kandeil, Ahmed and El-Shesheny,
  Rabeh and Kayed, Ahmed S and Gomaa, Mokhtar M and Maatouq, Asmaa M
  and Shehata, Mahmoud M and Moatasim, Yassmin and Bagato, Ola and
  Cai, Zhipeng and others},
  journal =	 {Emerging infectious diseases},
  volume =	 20,
  number =	 4,
  pages =	 542,
  year =	 2014,
  publisher =	 {Centers for Disease Control and Prevention}
}

@article{Kayali2016,
  title =	 {Avian influenza A (H5N1) virus in Egypt},
  author =	 {Kayali, Ghazi and Kandeil, Ahmed and El-Shesheny,
  Rabeh and Kayed, Ahmed S and Maatouq, Asmaa M and Cai, Zhipeng and
  McKenzie, Pamela P and Webby, Richard J and El Refaey, Samir and
  Kandeel, Amr and others},
  journal =	 {Emerging infectious diseases},
  volume =	 22,
  number =	 3,
  pages =	 379,
  year =	 2016,
  publisher =	 {Centers for Disease Control and Prevention}
}

@article{Minin2008,
  title =	 {Smooth skyride through a rough skyline: Bayesian
  coalescent-based inference of population dynamics},
  author =	 {Minin, Vladimir N and Bloomquist, Erik W and
  Suchard, Marc A},
  journal =	 {Molecular biology and evolution},
  volume =	 25,
  number =	 7,
  pages =	 {1459--1471},
  year =	 2008,
  publisher =	 {Oxford University Press}
}

@article{Neumann2012,
  title =	 {Egyptian H5N1 influenza viruses—cause for concern?},
  author =	 {Neumann, Gabriele and Macken, Catherine A and
  Karasin, Alexander I and Fouchier, Ron AM and Kawaoka, Yoshihiro},
  journal =	 {PLoS pathogens},
  volume =	 8,
  number =	 11,
  pages =	 {e1002932},
  year =	 2012,
  publisher =	 {Public Library of Science}
}

@article{Rambaut2016,
  title =	 {Exploring the temporal structure of heterochronous
  sequences using TempEst (formerly Path-O-Gen)},
  author =	 {Rambaut, Andrew and Lam, Tommy T and Max Carvalho,
  Luiz and Pybus, Oliver G},
  journal =	 {Virus evolution},
  volume =	 2,
  number =	 1,
  pages =	 {vew007},
  year =	 2016,
  publisher =	 {Oxford University Press}
}

@article{Saad2007,
  title =	 {Possible avian influenza (H5N1) from migratory bird,
  Egypt},
  author =	 {Saad, Magdi D and Lu’ay, S Ahmed and Gamal-Eldein,
  Mohamed A and Fouda, Mohamed K and Khalil, Fouda M and Yingst,
  Samuel L and Parker, Michael A and Montevillel, Marshall R},
  journal =	 {Emerging infectious diseases},
  volume =	 13,
  number =	 7,
  pages =	 1120,
  year =	 2007,
  publisher =	 {Centers for Disease Control and Prevention}
}

@article{Salzberg2007,
  title =	 {Genome analysis linking recent European and African
  influenza (H5N1) viruses},
  author =	 {Salzberg, Steven L and Kingsford, Carl and Cattoli,
  Giovanni and Spiro, David J and Janies, Daniel A and Aly, Mona
  Mehrez and Brown, Ian H and Couacy-Hymann, Emmanuel and De Mia, Gian
  Mario and Dung, Do Huu and others},
  journal =	 {Emerging infectious diseases},
  volume =	 13,
  number =	 5,
  pages =	 713,
  year =	 2007,
  publisher =	 {Centers for Disease Control and Prevention}
}

@article{Schroedl2010,
  title =	 {Age-based human influenza A virus (H5N1) infection
  patterns, Egypt},
  author =	 {Schroedl, Alan},
  journal =	 {Emerging infectious diseases},
  volume =	 16,
  number =	 1,
  pages =	 161,
  year =	 2010,
  publisher =	 {Centers for Disease Control and Prevention}
}

@article{Smith2015,
  author =	 {Smith, Gavin J. D. and Donis, Ruben O. and { World
  Health Organization/World Organisation for Animal Health/Food and
  Agriculture Organization (WHO/OIE/FAO) H5 Evolution Working Group }},
  title =	 {Nomenclature updates resulting from the evolution of
  avian influenza A(H5) virus clades 2.1.3.2a, 2.2.1, and 2.3.4 during
  2013–2014},
  journal =	 {Influenza and Other Respiratory Viruses},
  volume =	 9,
  number =	 5,
  pages =	 {271-276},
  doi =		 {10.1111/irv.12324},
  year =	 2015
}

@article{Stamatakis2014,
  title =	 {RAxML version 8: a tool for phylogenetic analysis
  and post-analysis of large phylogenies},
  author =	 {Stamatakis, Alexandros},
  journal =	 {Bioinformatics},
  volume =	 30,
  number =	 9,
  pages =	 {1312--1313},
  year =	 2014,
  publisher =	 {Oxford University Press}
}


@article{Ungchusak2005,
  title =	 {Probable person-to-person transmission of avian
  influenza A (H5N1)},
  author =	 {Ungchusak, Kumnuan and Auewarakul, Prasert and
  Dowell, Scott F and Kitphati, Rungrueng and Auwanit, Wattana and
  Puthavathana, Pilaipan and Uiprasertkul, Mongkol and Boonnak,
  Kobporn and Pittayawonganon, Chakrarat and Cox, Nancy J and others},
  journal =	 {New England Journal of Medicine},
  volume =	 352,
  number =	 4,
  pages =	 {333--340},
  year =	 2005,
  publisher =	 {Mass Medical Soc}
}


@article{Who2012,
  title =	 {Continued evolution of highly pathogenic avian
  influenza A (H5N1): updated nomenclature},
  author =	 {WHO, WHO/OIE/FAO H5N1 evolution working group},
  journal =	 {Influenza and other respiratory viruses},
  volume =	 6,
  number =	 1,
  pages =	 {1--5},
  year =	 2012,
  publisher =	 {Wiley Online Library}
}

@article{Who2019,
  title =	 {Cumulative number of confirmed human cases of avian
  influenza A/(H5N1) reported to WHO},
  author =	 {WHO},
  year =	 2019
}

@article{Xu1999,
  title =	 {Genetic characterization of the pathogenic influenza
  A/Goose/Guangdong/1/96 (H5N1) virus: similarity of its hemagglutinin
  gene to those of H5N1 viruses from the 1997 outbreaks in Hong Kong},
  author =	 {Xu, Xiyan and Subbarao, Kanta and Cox, Nancy J and
  Guo, Yuanji},
  journal =	 {Virology},
  volume =	 261,
  number =	 1,
  pages =	 {15--19},
  year =	 1999,
  publisher =	 {Elsevier}
}

@article{Young2018,
  title =	 {Unlocking pandemic potential: prevalence and spatial
  patterns of key substitutions in avian influenza H5N1 in Egyptian
  isolates},
  author =	 {Young, Sean G and Kitchen, Andrew and Kayali, Ghazi
  and Carrel, Margaret},
  journal =	 {BMC infectious diseases},
  volume =	 18,
  number =	 1,
  pages =	 314,
  year =	 2018,
  publisher =	 {BioMed Central}
}
